% Psyco

@inproceedings{ psyco-paper,
	author = "Armin Rigo",
	title = "Representation-based just-in-time specialization and the psyco prototype for python",
	booktitle = "PEPM '04: Proceedings of the 2004 ACM SIGPLAN symposium on Partial evaluation and semantics-based program manipulation",
	year = "2004",
	isbn = "1-58113-835-0",
	pages = "15--26",
	location = "Verona, Italy",
	doi = "http://doi.acm.org/10.1145/1014007.1014010",
	publisher = "ACM Press",
	address = "New York, NY, USA"
}

@misc{ psyco-software,
    author = "Armin Rigo",
    title = "Psyco",
    note = "http://psyco.sourceforge.net/",
    url = "http://psyco.sourceforge.net/"
}

@misc{ invokedynamic,
    title = "{Java Specification Request 292: Supporting Dynamically Typed Languages on the Java Platform}",
    note = "http://web1.jcp.org/en/jsr/detail?id=292",
    url = "http://web1.jcp.org/en/jsr/detail?id=292"
}

% P\#

@inproceedings{ psharp,
	author = "Jon Cook",
	title = "P\#: A concurrent {P}rolog for the .NET Framework",
	booktitle = "Software: Practice and Experience 34(9)",
	year = "2004",
	pages = "815--845",
	publisher = "John Wiley \& Sons, Ltd"
}

% Prolog Cafe

@phdthesis{ prologcafe,
	author = "Mutsunori Banbara",
	title = "Design and Implementation of Linear Logic Programming Languages",
	school = "The Graduate School of Science and Technology of Kobe University",
	year = "2002",
	month = "September"
}

% PyPy doc and reports
@misc{ pypy,
    title = {{PyPy. An Implementation of Python in Python}},
    note = "http://codespeak.net/pypy"
}


@misc{ translationdoc,
	title = "{PyPy - Translation}",
	author = "{PyPy Team}",
	url = "http://codespeak.net/pypy/dist/pypy/doc/translation.html",
	note = "http://codespeak.net/pypy/dist/pypy/doc/trans-lation.html",
	howpublished = "Web page, in-progress."
}

@misc{ architecture,
	title = "{PyPy - Architecture Overview}",
	author = "{PyPy Team}",
	url = "http://codespeak.net/pypy/dist/pypy/doc/architecture.html",
	note = "http://codespeak.net/pypy/dist/pypy/doc/archi-tecture.html",
	howpublished = "Web page"
}

@misc{ cpy251,
	author = "Guido van Rossum et al.",
	title = "{CPython} 2.5.1",
	note = "http://www.python.org/download/releases/2.5.1/",
	url = "http://www.python.org/download/releases/2.5.1/",
	year = 2007,
	month = "April"
}

@misc{ pylangref,
	author = "Guido van Rossum et al.",
	title = "Python language reference",
	note = "http://docs.python.org/ref/ref.html",
	url = "http://docs.python.org/ref/ref.html",
	year = 2006
}

@InProceedings{LLVM,
	author = "Chris Lattner and Vikram Adve",
	title = "{LLVM: A Compilation Framework for Lifelong Program Analysis \& Transformation}",
	booktitle = "{Proceedings of the 2004 International Symposium on Code Generation and Optimization (CGO'04)}",
	address = "Palo Alto, California",
	month = "Mar",
	year = "2004"
}

@InProceedings{JikesGC,
        author = "Stephen M Blackburn and Perry Cheng and Kathryn S McKinley",
        title = "Oil and Water? High Performance Garbage Collection in Java with  MMTk",
        booktitle = "ICSE 2004, 26th International Conference on Software Engineering",
        year = 2004
}

@inproceedings{InterProlog,
  author    = {Miguel Calejo},
  title     = {Inter{P}rolog: Towards a Declarative Embedding of Logic Programming
               in {J}ava.},
  booktitle = {JELIA},
  year      = {2004},
  pages     = {714-717},
  ee        = {http://springerlink.metapress.com/openurl.asp?genre=article{\&}issn=0302-9743{\&}volume=3229{\&}spage=714},
  bibsource = {DBLP, http://dblp.uni-trier.de}
}

% Boehm
@article{Boehm,
 author = {Hans-Juergen Boehm and Mark Weiser},
 title = {Garbage collection in an uncooperative environment},
 journal = {Softw. Pract. Exper.},
 volume = {18},
 number = {9},
 year = {1988},
 issn = {0038-0644},
 pages = {807--820},
 publisher = {John Wiley \& Sons, Inc.},
 address = {New York, NY, USA},
 }

@misc{boehm-softw,
author = "Hans Boehm",
title = "A garbage collector for {C} and {C++}",
url = "http://www.hpl.hp.com/personal/Hans_Boehm/gc/",
note = "http://www.hpl.hp.com/personal/Hans\_Boehm/gc/"
}

@misc{stackless,
    author = "Christian Tismer",
    title = "Stackless Python",
    url = "http://www.stackless.com/",
    note = "http://www.stackless.com/"
}

@misc{pythonnet,
    author = "Brian Lloyd",
    title = "Python for .NET",
    url = "http://pythonnet.sourceforge.net/",
    note = "http://pythonnet.sourceforge.net/"
}


@misc{CLI,
    author="ECMA",
    title="Standard ECMA-335: Common Language Infrastructure",
    publisher="ECMA International",
    year = "2005",
    month = "June",
    note = "http://www.ecma-international.org/publications/standards/Ecma-335.htm",
}

@inproceedings{pypyvmconstruction,
  title = {Py{P}y's Approach to Virtual Machine Construction},
  author = {Armin Rigo and Samuele Pedroni},
  booktitle = {Proceedings of the 2006 conference on Dynamic languages
      symposium},
  year = 2006,
  note= "To appear, accepted for publication"
}

@inproceedings{Squeak,
 author = {Dan Ingalls and Ted Kaehler and John Maloney and Scott Wallace and
 Alan Kay},
 title = {Back to the future: the story of {Squeak}, a practical {Smalltalk} written in itself},
 booktitle = {OOPSLA '97: Proceedings of the 12th ACM SIGPLAN conference on Object-oriented programming, systems, languages, and applications},
 year = {1997},
 isbn = {0-89791-908-4},
 pages = {318--326},
 location = {Atlanta, Georgia, United States},
 doi = {http://doi.acm.org/10.1145/263698.263754},
 publisher = {ACM Press},
 address = {New York, NY, USA},
 }

@misc{kelsey-prescheme,
  author = "R. Kelsey",
  title = "Pre-Scheme: A Scheme Dialect for Systems Programming",
  text = "Richard Kelsey. Pre-Scheme: A Scheme Dialect for Systems Programming. ?." },
  year = "1997"

@misc{taivalsaari98implementing,
  author = "A. Taivalsaari",
  title = "Implementing a Java virtual machine in the java programming language",
  text = "Antero Taivalsaari. Implementing a Java virtual machine in the java programming
    language. Technical Report SMLI TR-98-64, Sun Microsystems, March 1998.",
  year = "1998",
  url = "citeseer.ist.psu.edu/taivalsaari98implementing.html" }

@article{jalapeno,
  author    = {Bowen Alpern and
               C. Richard Attanasio and
               John J. Barton and
               Michael G. Burke and
               Perry Cheng and
               Jong-Deok Choi and
               Anthony Cocchi and
               Stephen J. Fink and
               David Grove and
               Michael Hind and
               Susan Flynn Hummel and
               Derek Lieber and
               Vassily Litvinov and
               Mark F. Mergen and
               Ton Ngo and
               James R. Russell and
               Vivek Sarkar and
               Mauricio J. Serrano and
               Janice C. Shepherd and
               Stephen E. Smith and
               Vugranam C. Sreedhar and
               Harini Srinivasan and
               John Whaley},
  title     = {The {Jalapeno} virtual machine.},
  journal   = {IBM Systems Journal},
  volume    = {39},
  number    = {1},
  year      = {2000},
  pages     = {211-},
  ee        = {http://www.research.ibm.com/journal/sj/391/alpern.html},
  bibsource = {DBLP, http://dblp.uni-trier.de}
}

% Jikes jit, more recent techreport
@techreport{Jikes-JIT,
 title =  {Architecture and Policy for Adaptive Optimization in Virtual Machines},
 author = {Matthew Arnold and Stephen Fink and David Grove and Michael Hind and Peter F. Sweeney},
 year = 2004,
 institution = {IBM Research},
 number = 23429,
 month = "November",
}


@techreport{security,
    author = "Michael Franz",
    title = "Moving Trust Out of Application Programs: A Software Architecture Based on Multi-Level Security Virtual Machines",
    year = 2006,
    month = August,
    number = "06-10",
    institution = "Donald Bren School of Information and Computer Science, University of California, Irvine"
}



% PyPy eu reports


@techreport{ D05.1,
	title = "Compiling Dynamic Language Implementations",
	author = "Armin Rigo and Michael Hudson and Samuele Pedroni",
	year = "2005",
	institution = "PyPy Consortium",
        number = "D05.1",
	url = "http://codespeak.net/svn/pypy/extradoc/eu-report/D05.1_Publish_on_translating_a_very-high-level_description.pdf",
	note = "http://codespeak.net/svn/pypy/extradoc/eu-report/"
}

@techreport{ D04.2,
	title = "Complete Python Implementation running on top of CPython",
	author = "{PyPy Team}",
	year = "2005",
	institution = "PyPy Consortium",
        number = "D04.2",
	url = "http://codespeak.net/svn/pypy/extradoc/eu-report/D04.2_Complete_Python_Implementation_on_top_of_CPython.pdf",
	note = "http://codespeak.net/pypy/dist/pypy/doc/index-report.html"
}

@techreport{ D05.3,
	title = "Memory management and threading models as translation aspects -- solutions and challenges",
	author = "Carl Friedrich Bolz and Armin Rigo",
	year = "2005",
	institution = "PyPy Consortium",
        number = "D05.3",
	url = "http://codespeak.net/svn/pypy/extradoc/eu-report/D05.3_Publish_on_implementation_with_translation_aspects.pdf",
	note = "http://codespeak.net/pypy/dist/pypy/doc/index-report.html"
}

@techreport{ D07.1,
    title = "Support for Massive Parallelism, Optimisation results, Practical Usages and Approaches for Translation Aspects",
    author = "Carl Friedrich Bolz and Armin Rigo",
    year = "2007",
    institution = "PyPy Consortium",
    number = "D07.1",
    note = "http://codespeak.net/pypy/dist/pypy/doc/index-report.html"
}

@techreport{ D06.1,
    title = "Core Object Optimization Results",
    author = "Michael Hudson and Armin Rigo and Carl Friedrich Bolz",
    year = "2007",
    institution = "PyPy Consortium",
    number = "D06.1",
    note = "http://codespeak.net/pypy/dist/pypy/doc/index-report.html"
}

@techreport{ D08.2,
    title = "JIT Compiler Architecture",
    author = {Armin Rigo and Samuele Pedroni},
    year = "2007",
    institution = "PyPy Consortium",
    number = "D08.2",
    note = "http://codespeak.net/pypy/dist/pypy/doc/index-report.html"
}

@techreport{ D12.1,
    title = "High-Level Backends and Interpreter Feature Prototypes",
    author = {Antonio Cuni and Samuele Pedroni and Anders Chrigstr\"om and
Holger Krekel and Guido Wesdorp and Carl Friedrich Bolz},
    year = "2007",
    institution = "PyPy Consortium",
    number = "D12.1",
    note = "http://codespeak.net/pypy/dist/pypy/doc/index-report.html"
}


