@inproceedings{Gal:2009ux,
        author = {Gal, Andreas and Franz, Michael and Eich, B and Shaver, M and Anderson, David},
        title = {{Trace-based Just-in-Time Type Specialization for Dynamic Languages}},
        booktitle = {PLDI '09: Proceedings of the ACM SIGPLAN 2009 conference on Programming language design and implementation},
        url = {http://portal.acm.org/citation.cfm?id=1542528},
}
@inproceedings{Bala:2000wv,
        author = {Bala, Vasanth and Duesterwald, Evelyn and Banerjia, Sanjeev},
        title = {{Dynamo: A Transparent Dynamic Optimization System}},
        booktitle = {PLDI '00: Proceedings of the ACM SIGPLAN 2000 conference on Programming language design and implementation},
}


